%YAML 1.1
%TAG !u! tag:unity3d.com,2011:
--- !u!1 &9134359161745504269
GameObject:
  m_ObjectHideFlags: 0
  m_CorrespondingSourceObject: {fileID: 0}
  m_PrefabInstance: {fileID: 0}
  m_PrefabAsset: {fileID: 0}
  serializedVersion: 6
  m_Component:
  - component: {fileID: 2168445788478178006}
  - component: {fileID: 5248414691639945437}
  m_Layer: 0
  m_Name: Level
  m_TagString: Untagged
  m_Icon: {fileID: 0}
  m_NavMeshLayer: 0
  m_StaticEditorFlags: 0
  m_IsActive: 1
--- !u!4 &2168445788478178006
Transform:
  m_ObjectHideFlags: 0
  m_CorrespondingSourceObject: {fileID: 0}
  m_PrefabInstance: {fileID: 0}
  m_PrefabAsset: {fileID: 0}
  m_GameObject: {fileID: 9134359161745504269}
  m_LocalRotation: {x: 0, y: 0, z: 0, w: 1}
  m_LocalPosition: {x: 0, y: 0, z: 0}
  m_LocalScale: {x: 1, y: 1, z: 1}
  m_ConstrainProportionsScale: 0
  m_Children:
  - {fileID: 4296172030413089946}
  m_Father: {fileID: 0}
  m_RootOrder: 0
  m_LocalEulerAnglesHint: {x: 0, y: 0, z: 0}
--- !u!114 &5248414691639945437
MonoBehaviour:
  m_ObjectHideFlags: 0
  m_CorrespondingSourceObject: {fileID: 0}
  m_PrefabInstance: {fileID: 0}
  m_PrefabAsset: {fileID: 0}
  m_GameObject: {fileID: 9134359161745504269}
  m_Enabled: 1
  m_EditorHideFlags: 0
  m_Script: {fileID: 11500000, guid: 8bc61405bdbe11c498e7d77c42a6b3a9, type: 3}
  m_Name: 
  m_EditorClassIdentifier: 
  handleMultipleInstances: 0
  persistant: 0
  notificationText: {fileID: 9091801955287447604}
  parTime: 0
  timerText: {fileID: 8624475072377845540}
  pastParTimeTimerColor: {r: 1, g: 0, b: 0, a: 1}
  canvasRectTrs: {fileID: 4296172030413089946}
--- !u!1001 &3109741190059487362
PrefabInstance:
  m_ObjectHideFlags: 0
  serializedVersion: 2
  m_Modification:
    m_TransformParent: {fileID: 2168445788478178006}
    m_Modifications:
    - target: {fileID: 1204454042480729112, guid: 8390f91c09da6875da3be97e78a0d033, type: 3}
      propertyPath: m_Pivot.x
      value: 0
      objectReference: {fileID: 0}
    - target: {fileID: 1204454042480729112, guid: 8390f91c09da6875da3be97e78a0d033, type: 3}
      propertyPath: m_Pivot.y
      value: 0
      objectReference: {fileID: 0}
    - target: {fileID: 1204454042480729112, guid: 8390f91c09da6875da3be97e78a0d033, type: 3}
      propertyPath: m_RootOrder
      value: 0
      objectReference: {fileID: 0}
    - target: {fileID: 1204454042480729112, guid: 8390f91c09da6875da3be97e78a0d033, type: 3}
      propertyPath: m_AnchorMax.x
      value: 0
      objectReference: {fileID: 0}
    - target: {fileID: 1204454042480729112, guid: 8390f91c09da6875da3be97e78a0d033, type: 3}
      propertyPath: m_AnchorMax.y
      value: 0
      objectReference: {fileID: 0}
    - target: {fileID: 1204454042480729112, guid: 8390f91c09da6875da3be97e78a0d033, type: 3}
      propertyPath: m_AnchorMin.x
      value: 0
      objectReference: {fileID: 0}
    - target: {fileID: 1204454042480729112, guid: 8390f91c09da6875da3be97e78a0d033, type: 3}
      propertyPath: m_AnchorMin.y
      value: 0
      objectReference: {fileID: 0}
    - target: {fileID: 1204454042480729112, guid: 8390f91c09da6875da3be97e78a0d033, type: 3}
      propertyPath: m_SizeDelta.x
      value: 0
      objectReference: {fileID: 0}
    - target: {fileID: 1204454042480729112, guid: 8390f91c09da6875da3be97e78a0d033, type: 3}
      propertyPath: m_SizeDelta.y
      value: 0
      objectReference: {fileID: 0}
    - target: {fileID: 1204454042480729112, guid: 8390f91c09da6875da3be97e78a0d033, type: 3}
      propertyPath: m_LocalPosition.x
      value: 0
      objectReference: {fileID: 0}
    - target: {fileID: 1204454042480729112, guid: 8390f91c09da6875da3be97e78a0d033, type: 3}
      propertyPath: m_LocalPosition.y
      value: 0
      objectReference: {fileID: 0}
    - target: {fileID: 1204454042480729112, guid: 8390f91c09da6875da3be97e78a0d033, type: 3}
      propertyPath: m_LocalPosition.z
      value: 0
      objectReference: {fileID: 0}
    - target: {fileID: 1204454042480729112, guid: 8390f91c09da6875da3be97e78a0d033, type: 3}
      propertyPath: m_LocalRotation.w
      value: 1
      objectReference: {fileID: 0}
    - target: {fileID: 1204454042480729112, guid: 8390f91c09da6875da3be97e78a0d033, type: 3}
      propertyPath: m_LocalRotation.x
      value: 0
      objectReference: {fileID: 0}
    - target: {fileID: 1204454042480729112, guid: 8390f91c09da6875da3be97e78a0d033, type: 3}
      propertyPath: m_LocalRotation.y
      value: 0
      objectReference: {fileID: 0}
    - target: {fileID: 1204454042480729112, guid: 8390f91c09da6875da3be97e78a0d033, type: 3}
      propertyPath: m_LocalRotation.z
      value: 0
      objectReference: {fileID: 0}
    - target: {fileID: 1204454042480729112, guid: 8390f91c09da6875da3be97e78a0d033, type: 3}
      propertyPath: m_AnchoredPosition.x
      value: 0
      objectReference: {fileID: 0}
    - target: {fileID: 1204454042480729112, guid: 8390f91c09da6875da3be97e78a0d033, type: 3}
      propertyPath: m_AnchoredPosition.y
      value: 0
      objectReference: {fileID: 0}
    - target: {fileID: 1204454042480729112, guid: 8390f91c09da6875da3be97e78a0d033, type: 3}
      propertyPath: m_LocalEulerAnglesHint.x
      value: 0
      objectReference: {fileID: 0}
    - target: {fileID: 1204454042480729112, guid: 8390f91c09da6875da3be97e78a0d033, type: 3}
      propertyPath: m_LocalEulerAnglesHint.y
      value: 0
      objectReference: {fileID: 0}
    - target: {fileID: 1204454042480729112, guid: 8390f91c09da6875da3be97e78a0d033, type: 3}
      propertyPath: m_LocalEulerAnglesHint.z
      value: 0
      objectReference: {fileID: 0}
    - target: {fileID: 1204454042480729117, guid: 8390f91c09da6875da3be97e78a0d033, type: 3}
      propertyPath: m_Name
      value: Canvas (Camera)
      objectReference: {fileID: 0}
    m_RemovedComponents: []
  m_SourcePrefab: {fileID: 100100000, guid: 8390f91c09da6875da3be97e78a0d033, type: 3}
--- !u!224 &4296172030413089946 stripped
RectTransform:
  m_CorrespondingSourceObject: {fileID: 1204454042480729112, guid: 8390f91c09da6875da3be97e78a0d033, type: 3}
  m_PrefabInstance: {fileID: 3109741190059487362}
  m_PrefabAsset: {fileID: 0}
--- !u!114 &8624475072377845540 stripped
MonoBehaviour:
  m_CorrespondingSourceObject: {fileID: 6672169987059189670, guid: 8390f91c09da6875da3be97e78a0d033, type: 3}
  m_PrefabInstance: {fileID: 3109741190059487362}
  m_PrefabAsset: {fileID: 0}
  m_GameObject: {fileID: 0}
  m_Enabled: 1
  m_EditorHideFlags: 0
  m_Script: {fileID: 11500000, guid: f4688fdb7df04437aeb418b961361dc5, type: 3}
  m_Name: 
  m_EditorClassIdentifier: 
--- !u!114 &9091801955287447604 stripped
MonoBehaviour:
  m_CorrespondingSourceObject: {fileID: 6126184773048682678, guid: 8390f91c09da6875da3be97e78a0d033, type: 3}
  m_PrefabInstance: {fileID: 3109741190059487362}
  m_PrefabAsset: {fileID: 0}
  m_GameObject: {fileID: 0}
  m_Enabled: 1
  m_EditorHideFlags: 0
  m_Script: {fileID: 11500000, guid: f4688fdb7df04437aeb418b961361dc5, type: 3}
  m_Name: 
  m_EditorClassIdentifier: 
